<?xml version="1.0" encoding="UTF-8"?><collection xmlns="http://www.loc.gov/MARC21/slim"><record><leader>00397nam--2200133-i-4500</leader><controlfield tag="001">000043979</controlfield><controlfield tag="002">20161230</controlfield><controlfield tag="005">20161230201044</controlfield><controlfield tag="008">060222s1000------------r-----000-0-eng-d</controlfield><datafield ind1=" " ind2=" " tag="080"><subfield code="a">621.3.014.3+621.3.015.3(024)=59</subfield></datafield><datafield ind1=" " ind2=" " tag="100"><subfield code="a">Teumin, I.I</subfield></datafield><datafield ind1=" " ind2=" " tag="245"><subfield code="a">Indreptar privind regimurile electrice tranzitorii. trad.din l.rusa</subfield></datafield><datafield ind1=" " ind2=" " tag="260"><subfield code="a">Bucuresti, Ed.Tehnica, 1956, 444p.Cu Diagr/.+erata</subfield></datafield><datafield ind1=" " ind2=" " tag="852"><subfield code="a">4228</subfield></datafield></record></collection>